<record><leader>00000cas a2200000 a 4500</leader><controlfield tag="001">84739384</controlfield><controlfield tag="007">hd efb---bucu</controlfield><controlfield tag="008">070221d18721963iludr nea     0    0eng c</controlfield><datafield ind1=" " ind2=" " tag="010"><subfield code="a">  2007252035</subfield></datafield><datafield ind1=" " ind2=" " tag="040"><subfield code="a">WAU</subfield><subfield code="b">eng</subfield><subfield code="c">WAU</subfield><subfield code="d">OCLCQ</subfield><subfield code="d">OCLCF</subfield><subfield code="d">OCLCQ</subfield></datafield><datafield ind1=" " ind2=" " tag="042"><subfield code="a">pcc</subfield></datafield><datafield ind1=" " ind2=" " tag="043"><subfield code="a">n-us-il</subfield></datafield><datafield ind1="0" ind2=" " tag="130"><subfield code="a">Chicago daily tribune (Chicago, Ill. : 1872)</subfield></datafield><datafield ind1="1" ind2="0" tag="245"><subfield code="a">Chicago daily tribune.</subfield></datafield><datafield ind1="1" ind2=" " tag="246"><subfield code="i">Published Mar. 18, 1886-July 18, 1890 as:</subfield><subfield code="a">Chicago tribune</subfield></datafield><datafield ind1="1" ind2=" " tag="246"><subfield code="i">Published on Sundays July 27, 1890-1963 as:</subfield><subfield code="a">Chicago Sunday tribune</subfield></datafield><datafield ind1=" " ind2=" " tag="260"><subfield code="a">Chicago, Ill. :</subfield><subfield code="b">Tribune Co.,</subfield><subfield code="c">1872-1963.</subfield></datafield><datafield ind1=" " ind2=" " tag="300"><subfield code="a">volumes</subfield></datafield><datafield ind1=" " ind2=" " tag="310"><subfield code="a">Daily</subfield></datafield><datafield ind1=" " ind2=" " tag="336"><subfield code="a">text</subfield><subfield code="b">txt</subfield><subfield code="2">rdacontent</subfield></datafield><datafield ind1=" " ind2=" " tag="337"><subfield code="a">microform</subfield><subfield code="b">h</subfield><subfield code="2">rdamedia</subfield></datafield><datafield ind1=" " ind2=" " tag="338"><subfield code="a">microfilm reel</subfield><subfield code="b">hd</subfield><subfield code="2">rdacarrier</subfield></datafield><datafield ind1="0" ind2=" " tag="362"><subfield code="a">Vol. 26, no. 52 (Oct. 9, 1872)-v. 122, no. 41 (Feb. 16, 1963).</subfield></datafield><datafield ind1=" " ind2=" " tag="500"><subfield code="a">"Oceanic edition" published for the S.S. President Harding and the S.S. Leviathan.</subfield></datafield><datafield ind1=" " ind2=" " tag="500"><subfield code="a">Issue for June 10, 1947 is the Centennial edition.</subfield></datafield><datafield ind1=" " ind2=" " tag="580"><subfield code="a">Weekly ed.: Chicago weekly tribune (Chicago, Ill. : 1873), &lt;1873-1881&gt;.</subfield></datafield><datafield ind1=" " ind2=" " tag="580"><subfield code="a">Triweekly ed.: Chicago tribune (Chicago, Ill. : Triweekly), 1872-&lt;1876&gt;.</subfield></datafield><datafield ind1=" " ind2=" " tag="533"><subfield code="a">Microfilm.</subfield><subfield code="b">Ann Arbor, Mich. :</subfield><subfield code="c">University Microfilms International.</subfield><subfield code="c">microfilm reels ; 35 mm.</subfield></datafield><datafield ind1=" " ind2="0" tag="651"><subfield code="a">Chicago (Ill.)</subfield><subfield code="v">Newspapers.</subfield></datafield><datafield ind1=" " ind2="0" tag="651"><subfield code="a">Cook County (Ill.)</subfield><subfield code="v">Newspapers.</subfield></datafield><datafield ind1=" " ind2="7" tag="651"><subfield code="a">Illinois</subfield><subfield code="z">Chicago.</subfield><subfield code="2">fast</subfield><subfield code="0">(OCoLC)fst01204048</subfield></datafield><datafield ind1=" " ind2="7" tag="651"><subfield code="a">Illinois</subfield><subfield code="z">Cook County.</subfield><subfield code="2">fast</subfield><subfield code="0">(OCoLC)fst01205334</subfield></datafield><datafield ind1=" " ind2="7" tag="655"><subfield code="a">Newspapers.</subfield><subfield code="2">fast</subfield><subfield code="0">(OCoLC)fst01423814</subfield></datafield><datafield ind1=" " ind2=" " tag="752"><subfield code="a">United States</subfield><subfield code="b">Illinois</subfield><subfield code="c">Cook</subfield><subfield code="d">Chicago.</subfield></datafield><datafield ind1="1" ind2=" " tag="775"><subfield code="t">Chicago weekly tribune (Chicago, Ill. : 1873)</subfield></datafield><datafield ind1="1" ind2=" " tag="775"><subfield code="t">Chicago tribune (Chicago, Ill. : Triweekly)</subfield></datafield><datafield ind1="1" ind2=" " tag="776"><subfield code="c">Original</subfield><subfield code="w">(DLC)sn 84031492</subfield><subfield code="w">(OCoLC)1554151</subfield></datafield><datafield ind1="0" ind2="0" tag="780"><subfield code="t">Chicago tribune (Chicago, Ill. : 1864)</subfield></datafield><datafield ind1="0" ind2="0" tag="785"><subfield code="t">Chicago tribune (Chicago, Ill. : 1963)</subfield><subfield code="w">(DLC)  2007252036</subfield><subfield code="w">(OCoLC)7960181</subfield></datafield><datafield ind1="0" ind2=" " tag="787"><subfield code="t">Bilioustine</subfield></datafield><datafield ind1="1" ind2=" " tag="029"><subfield code="a">AU@</subfield><subfield code="b">000007026835</subfield></datafield></record>